<?xml version="1.0" encoding="UTF-8" ?>
<collection xmlns:xsi="http://www.w3.org/2001/XMLSchema-instance"
    xsi:schemaLocation="http://www.loc.gov/MARC21/slim
        http://www.loc.gov/standards/marcxml/schema/MARC21slim.xsd"
    xmlns="http://www.loc.gov/MARC21/slim">
<record>
  <leader>00217cam a2200397 i 4500</leader>
  <controlfield tag="001">b12762982</controlfield>
  <controlfield tag="003">LeBAU</controlfield>
  <controlfield tag="005">20180122</controlfield>
  <controlfield tag="008">971110s1920    ua           o||0 0 ara d</controlfield>
  <datafield tag="035" ind1=" " ind2=" ">
    <subfield code="a">ocn784506278</subfield>
  </datafield>
  <datafield tag="040" ind1=" " ind2=" ">
    <subfield code="a">LEAUB</subfield>
    <subfield code="b">ara</subfield>
    <subfield code="e">rda</subfield>
    <subfield code="c">LEAUB</subfield>
    <subfield code="d">LEAUB</subfield>
  </datafield>
  <datafield tag="082" ind1="0" ind2="4">
    <subfield code="a">626.8</subfield>
    <subfield code="2">20</subfield>
  </datafield>
  <datafield tag="110" ind1="1" ind2=" ">
    <subfield code="6">880-01</subfield>
    <subfield code="a">Egypt.</subfield>
    <subfield code="b">Lajnat Mashrūʻāt al-Nīl,</subfield>
    <subfield code="e">issuing body.</subfield>
  </datafield>
  <datafield tag="245" ind1="1" ind2="0">
    <subfield code="6">880-02</subfield>
    <subfield code="a">Mulakhkhaṣ wajīz min taqrīr Lajnat Mashrūʻāt al-Nīl, 1920 /</subfield>
    <subfield code="c">al-Ḥukūmah al-Miṣrīyah.</subfield>
  </datafield>
  <datafield tag="246" ind1="3" ind2="0">
    <subfield code="6">880-03</subfield>
    <subfield code="a">Taqrīr Lajnat Mashrūʻāt al-Nīl, 1920</subfield>
  </datafield>
  <datafield tag="264" ind1=" " ind2="1">
    <subfield code="6">880-04</subfield>
    <subfield code="a">al-Qāhirah :</subfield>
    <subfield code="b">al-Maṭbaʻah al-Amīrīyah,</subfield>
    <subfield code="c">1920.</subfield>
  </datafield>
  <datafield tag="300" ind1=" " ind2=" ">
    <subfield code="6">880-05</subfield>
    <subfield code="a">7 pages ;</subfield>
    <subfield code="c">34 cm</subfield>
  </datafield>
  <datafield tag="336" ind1=" " ind2=" ">
    <subfield code="a">text</subfield>
    <subfield code="b">txt</subfield>
    <subfield code="2">rdacontent</subfield>
  </datafield>
  <datafield tag="337" ind1=" " ind2=" ">
    <subfield code="a">unmediated</subfield>
    <subfield code="b">n</subfield>
    <subfield code="2">rdamedia</subfield>
  </datafield>
  <datafield tag="338" ind1=" " ind2=" ">
    <subfield code="a">volume</subfield>
    <subfield code="b">nc</subfield>
    <subfield code="2">rdacarrier</subfield>
  </datafield>
  <datafield tag="500" ind1=" " ind2=" ">
    <subfield code="a">"ترجمة."</subfield>
  </datafield>
  <datafield tag="500" ind1=" " ind2=" ">
    <subfield code="a">".يمكن الحصول على تقرير اللجنة (إما مباشرة وإما بواسطة أحد باعة الكتب) من قلم نشر مطبوعات الحكومة بسراي الإسماعيلية القديمة بشارع قصر العيني بالقاهرة والثمن عشر قروش"</subfield>
  </datafield>
  <datafield tag="650" ind1=" " ind2="4">
    <subfield code="a">الري</subfield>
    <subfield code="z">مصر.</subfield>
  </datafield>
  <datafield tag="650" ind1=" " ind2="0">
    <subfield code="a">Irrigation</subfield>
    <subfield code="z">Egypt.</subfield>
  </datafield>
  <datafield tag="651" ind1=" " ind2="4">
    <subfield code="a">نهر النيل.</subfield>
  </datafield>
  <datafield tag="651" ind1=" " ind2="0">
    <subfield code="a">Nile River.</subfield>
  </datafield>
  <datafield tag="852" ind1=" " ind2=" ">
    <subfield code="a">Jafet Archives and Special Collections</subfield>
    <subfield code="e">American University of Beirut, Bliss Street, Beirut, ‎Lebanon.‎</subfield>
  </datafield>
  <datafield tag="880" ind1="1" ind2=" ">
    <subfield code="6">110-01/(3/r</subfield>
    <subfield code="a">مصر.</subfield>
    <subfield code="b">لجنة مشروعات النيل،</subfield>
    <subfield code="e">هيئة إصدار. </subfield>
    <subfield code="4">isb.</subfield>
  </datafield>
  <datafield tag="880" ind1="1" ind2="0">
    <subfield code="6">245-02/(3/r</subfield>
    <subfield code="a">ملخص وجيز من تقرير لجنة مشروعات النيل، 1920 /</subfield>
    <subfield code="c">الحكومة المصرية.</subfield>
  </datafield>
  <datafield tag="880" ind1="3" ind2="0">
    <subfield code="6">246-03/(3/r</subfield>
    <subfield code="a">تقرير لجنة مشروعات النيل، 1920</subfield>
  </datafield>
  <datafield tag="880" ind1=" " ind2="1">
    <subfield code="6">264-04/(3/r</subfield>
    <subfield code="a">القاهرة :</subfield>
    <subfield code="b">المطبعة الأميرية،</subfield>
    <subfield code="c">1920.</subfield>
  </datafield>
  <datafield tag="880" ind1=" " ind2=" ">
    <subfield code="6">300-05/(3/r</subfield>
    <subfield code="a">7 صفحات ؛</subfield>
    <subfield code="c">34 سم</subfield>
  </datafield>
  <datafield tag="907" ind1=" " ind2=" ">
    <subfield code="a">.b12762982</subfield>
    <subfield code="b">18-01-30</subfield>
    <subfield code="c">11-05-24</subfield>
  </datafield>
  <datafield tag="907" ind1=" " ind2=" ">
    <subfield code="a">.b12762982</subfield>
    <subfield code="b">11-10-11</subfield>
    <subfield code="c">11-05-24</subfield>
  </datafield>
  <datafield tag="945" ind1=" " ind2=" ">
    <subfield code="f">CA:F</subfield>
    <subfield code="a">626.8:M67mA:c.1</subfield>
    <subfield code="i">01064795</subfield>
    <subfield code="j">.i13338584</subfield>
    <subfield code="l">u0306</subfield>
  </datafield>
  <datafield tag="998" ind1=" " ind2=" ">
    <subfield code="a">u03</subfield>
    <subfield code="b">97-11-10</subfield>
    <subfield code="c">m</subfield>
    <subfield code="d">a</subfield>
    <subfield code="e">-</subfield>
    <subfield code="f">ara</subfield>
    <subfield code="g">ua </subfield>
    <subfield code="h">0</subfield>
    <subfield code="i">1</subfield>
  </datafield>
</record>
</collection>
